@string{IEICE_EB = {IEICE Trans. on Commun.}}
@string{IEICE_ComEX = {IEICE Commun. Express}}

@article{journal_paper,
author="Author1, A.~B and Author2, C.~.D and Author3, E.~F.",
title="Title of journal paper with a comma inside the quotation marks like this",
journal="Journal Title in Italic",
volume="12",
number="3",
pages="456-789",
month="month",
year="year",
doi="XX.XXXX/XXXXX",
language="English"
}

@incollection{chapter,
author="Chapter-Writer, A.~B",
title="Title of quoted chapter",
booktitle="Book Title in Italic without Quotation Marks",
editor="Editor, C.~D.",
pages="123-456",
publisher="Publisher Name",
address="City",
year="year",
doi="XX.XXXX/XXXXX",
language="English"
}

@book{book,
author={Book-Author, A.~B.},
title={Book Title in Italic without Quotation Marks},
publisher={Publisher Name},
address={City},
year={year},
doi={XX.XXXX/XXXXX},
language={English}
}

@inproceedings{proceeding_paper,
author="Author1, A.~B and Author2, C.~.D and Author3, E.~F.",
title="Title of paper in proceeding",
booktitle="Proc. 12$^{\mathrm{th}}$ Conf. Name",
address="City, Country",
pages="123-345",
paperid="PAPER-ID",
month="month",
year="year",
doi="XX.XXXX/XXXXX",
language="English"
}

@webpage{web_link,
author="{Editorial Committee of ComEX}",
title={Information for the {IEICE} Communications Express (ComEX) authors, preparing manuscript},
note="Institute of Electronics, Information and Communication Engineers",
url="http://www.comex.ieice.org/data/for_authors.html#preparing",
lastchecked="Sep. 23, 2014",
}
