
@article{smartGrid,
title = "A survey on smart metering and smart grid communication",
journal = "Renewable and Sustainable Energy Reviews",
volume = "57",
pages = "302 - 318",
year = "2016",
issn = "1364-0321",
doi = "https://doi.org/10.1016/j.rser.2015.12.114",
author = "Yasin Kabalci",
keywords = "Smart grids, Microgrids, Advanced metering infrastructure, Automated meter reading, Communication, Smart grid security"
}

@ARTICLE{std2003, 
author={}, 
journal={IEEE Std 802.15.4-2003}, 
title={{IEEE} Standard for Information Technology - Telecommunications and Information Exchange Between Systems - Local and Metropolitan Area Networks Specific Requirements Part 15.4: Wireless Medium Access Control (MAC) and Physical Layer (PHY) Specifications for Low-Rate Wireless Personal Area Networks (LR-WPANs)}, 
year={2003},  
pages={1-670}, 
doi={10.1109/IEEESTD.2003.94389}, 
}

@ARTICLE{std2006, 
author={}, 
journal={IEEE Std 802.15.4-2006 (Revision of IEEE Std 802.15.4-2003)}, 
title={{IEEE} Standard for Information technology-- Local and metropolitan area networks-- Specific requirements-- Part 15.4: Wireless Medium Access Control (MAC) and Physical Layer (PHY) Specifications for Low Rate Wireless Personal Area Networks (WPANs)}, 
year={2006}, 
volume={}, 
number={}, 
pages={1-320}, 
keywords={ad hoc network;low data rate;low power;LR-WPAN;mobility;PAN;personal area network;radio frequency;RF;short range;wireless;wireless personal area network;WPAN}, 
doi={10.1109/IEEESTD.2006.232110}, 
ISSN={}, 
month={Sept},}


@ARTICLE{std2007, 
author={}, 
journal={IEEE Std 802.15.4a-2007 (Amendment to IEEE Std 802.15.4-2006)}, 
title={{IEEE} Standard for Information Technology - Telecommunications and Information Exchange Between Systems - Local and Metropolitan Area Networks - Specific Requirement Part 15.4: Wireless Medium Access Control (MAC) and Physical Layer (PHY) Specifications for Low-Rate Wireless Personal Area Networks (WPANs)}, 
year={2007}, 
volume={}, 
number={}, 
pages={1-203}, 
keywords={IEEE standards;personal area networks;protocols;IEEE standard;information technology;information exchange;protocols;compatible interconnection;data communication devices;short-range radio frequency transmission;wireless personal area network;ad hoc network, low data rate, low power, LR-WPAN, mobility, personal area network (PAN),radio frequency (RF), short range, wireless, wireless personal area network (WPAN)}, 
doi={10.1109/IEEESTD.2007.4299496}, 
ISSN={}, 
month={},}

@ARTICLE{std2009c, 
author={}, 
journal={IEEE Std 802.15.4c-2009 (Amendment to IEEE Std 802.15.4-2006)}, 
title={{IEEE} Standard for Information technology-Telecommunications and information exchange between systems-Local and metropolitan area networks-Specific requirements Part 15.4: Wireless Medium Access Control (MAC) and Physical Layer (PHY) Specifications for Low-Rate Wireless Personal Area Networks (WPANs) Amendment 2: Alternative Physical Layer Extension to support one or more of the Chinese 314-316 MHz, 430-434 MHz, and 779-787 MHz bands}, 
year={2009}, 
volume={}, 
number={}, 
pages={1-21}, 
keywords={ad hoc network;low data rate;low power;LR-WPAN;mobility;PAN;personal area network;radio frequency;RF;short range;wireless;wireless personal area network;WPAN}, 
doi={10.1109/IEEESTD.2009.4839293}, 
ISSN={}, 
month={April},}


@ARTICLE{std2009d, 
author={}, 
journal={IEEE Std 802.15.4d-2009 (Amendment to IEEE Std 802.15.4-2006)}, 
title={{IEEE} Standard for Information technology-Telecommunications and information exchange between systems-Local and metropolitan area networks-Specific requirements Part 15.4: Wireless Medium Access Control (MAC) and Physical Layer (PHY) Specifications for Low-Rate Wireless Personal Area Networks (WPANs) Amendment 3: Alternative Physical Layer Extension to support the Japanese 950 MHz bands}, 
year={2009}, 
volume={}, 
number={}, 
pages={1-27}, 
keywords={access protocols;frequency allocation;personal area networks;wireless medium access control;physical layer specifications;low-rate wireless personal area networks;frequency allocation;Japan;ad hoc network;low data rate;low power;LR-WPAN;mobility;PAN;personal area network;radio frequency;RF;short range;wireless;wireless personal area network;WPAN}, 
doi={10.1109/IEEESTD.2009.4840354}, 
ISSN={}, 
month={April},}

@ARTICLE{std2011, 
author={}, 
journal={IEEE Std 802.15.4-2011 (Revision of IEEE Std 802.15.4-2006)}, 
title={{IEEE} Standard for Local and metropolitan area networks--Part 15.4: Low-Rate Wireless Personal Area Networks (LR-WPANs)}, 
year={2011}, 
volume={}, 
number={}, 
pages={1-314}, 
keywords={data communication;protocols;telecommunication standards;Zigbee;IEEE standard;local area networks;metropolitan area networks;low-rate wireless personal area networks;LR-WPAN;protocol;data communication device;low data rate transmission;low-power low-complexity short-range radiofrequency transmission;RF transmission;IEEE Std 802.15.4-2006;IEEE standards;Local area networks;Metropolitan area networks;Personal area networks;Low power electronics;Ad hoc networks;Wireless LAN networks;Mobile communication;ad hoc network;IEEE 802.15.4;low data rate;low power;LR-WPAN;mobility;PAN;personal area network;radio frequency;RF;short range;wireless;wireless personal area network;WPAN}, 
doi={10.1109/IEEESTD.2011.6012487}, 
ISSN={}, 
month={Sept},}

@ARTICLE{std2012e, 
author={}, 
journal={IEEE Std 802.15.4e-2012 (Amendment to IEEE Std 802.15.4-2011)}, 
title={{IEEE} Standard for Local and metropolitan area networks--Part 15.4: Low-Rate Wireless Personal Area Networks (LR-WPANs) Amendment 1: MAC sublayer}, 
year={2012}, 
volume={}, 
number={}, 
pages={1-225}, 
keywords={IEEE standards;personal area networks;low-rate wireless personal area networks;LR-WPAN;IEEE Std 802.15.4-2011;IEEE Std 802.15.4e-2012;IEEE 802.15.4 MAC;industrial markets;compatibility;Chinese WPAN;IEEE standards;AC motors;Local area networks;Metropolitan area networks;Personal area networks;Wireless communication;Radiofrequency identification;asynchronous multi-channel adaptation (AMCA);deterministic and asynchronous multi-channel adaptation (AMCA);deterministic and synchronous multichannel extension (DSME);enhanced beacon request (EBR);enhancements for security;fast association (FastA);IEEE 802.15.4;lEEE 802.15.4e;low energy;low latency deterministic networks (LLDN);MAC performance metrics (metrics);RFID Blink;timeslotted channel hopping (TSCH)}, 
doi={10.1109/IEEESTD.2012.6185525}, 
ISSN={}, 
month={April},}


@ARTICLE{std2012f, 
author={}, 
journal={IEEE Std 802.15.4f-2012 (Amendment to IEEE Std 802.15.4-2011)}, 
title={{IEEE} Standard for Local and metropolitan area networks-- Part 15.4: Low-Rate Wireless Personal Area Networks (LR-WPANs) Amendment 2: Active Radio Frequency Identification (RFID) System Physical Layer (PHY)}, 
year={2012}, 
volume={}, 
number={}, 
pages={1-72}, 
keywords={IEEE standards;personal area networks;radiofrequency identification;telecommunication network reliability;low-rate wireless personal area networks;LR-WPAN;active radio frequency identification system physical layer;active RFID system PHY;energy consumption;multiyear battery life;reliable communications;precision location;reader options;highly populated autonomous active RFID systems;IEEE 802.15.4f-2012;IEEE standards;Local area networks;Metropolitan area networks;Personal area networks;Ad hoc networks;Radiofrequency identification;Wireless communication;Low-power electronics;active RFID;ad hoc network;IEEE 802.15.4;IEEE 802.15.4f;low data rate;low power;LR-WPAN;mobility;PAN;personal area network;radio frequency;RF;RFID;RTLS;short range;wireless;wireless personal area network;WPAN}, 
doi={10.1109/IEEESTD.2012.6188488}, 
ISSN={}, 
month={April},}


@ARTICLE{std2012g, 
author={}, 
journal={IEEE Std 802.15.4g-2012 (Amendment to IEEE Std 802.15.4-2011)}, 
title={{IEEE} Standard for Local and metropolitan area networks--Part 15.4: Low-Rate Wireless Personal Area Networks (LR-WPANs) Amendment 3: Physical Layer (PHY) Specifications for Low-Data-Rate, Wireless, Smart Metering Utility Networks}, 
year={2012}, 
volume={}, 
number={}, 
pages={1-252}, 
keywords={local area networks;metropolitan area networks;personal area networks;IEEE standard;local area networks;metropolitan area networks;low-rate wireless personal area networks;LR-WPAN;physical layer specifications;smart metering utility networks;low-data-rate networks;IEEE Std 802.15.4-2011;IEEE standards;Ad hoc networks;Local area networks;Metropolitan area networks;Wireless LAN;Personal area networks;Low-power electronics;Automatic meter reading;Wireless communications;ad hoc network;IEEE 802.15.4;IEEE 802.15.4g;low data rate;low power;LR-WPAN;mobility;PAN;personal area network;radio frequency;RF;short range;smart metering utility networks;SUN;wireless;wireless personal area network;WPAN}, 
doi={10.1109/IEEESTD.2012.6190698}, 
ISSN={}, 
month={April},}



@ARTICLE{std2013j, 
author={}, 
journal={IEEE Std 802.15.4j-2013 (Amendment to IEEE Std 802.15.4-2011 as amended by IEEE Std 802.15.4e-2012, IEEE Std 802.15.4f-2012, and IEEE Std 802.15.4g-2012)}, 
title={{IEEE} Standard for Local and metropolitan area networks - Part 15.4: Low-Rate Wireless Personal Area Networks (LR-WPANs) Amendment 4: Alternative Physical Layer Extension to Support Medical Body Area Network (MBAN) Services Operating in the 2360 MHz - 2400 MHz Band}, 
year={2013}, 
volume={}, 
number={}, 
pages={1-24}, 
keywords={access protocols;body area networks;IEEE standards;personal area networks;IEEE Std 802.15.4g-2012;IEEE 802.15.4f-2012;IEEE Std 802.15.4e-2012;IEEE Std 802.15.4j-2013;MAC modifications;FCC MBAN rules;Federal Communications Commission;IEEE Std 802.15.4-2011;MBAN services;medical body area network services;physical layer extension;frequency 2360 MHz to 2400 MHz;IEEE standards;Local area networks;Metropolitan area networks;Wireless communication;Wireless LAN;Personal area networks;Body area networks;Biomedical equipment;IEEE 802.15.4;IEEE 802.15.4jTM;MBAN;medical body area network}, 
doi={10.1109/IEEESTD.2013.6471722}, 
ISSN={}, 
month={Feb},}


@ARTICLE{std2013k, 
author={}, 
journal={IEEE Std 802.15.4k-2013 (Amendment to IEEE Std 802.15.4-2011 as amended by IEEE Std 802.15.4e-2012, IEEE Std 802.15.4f-2012, IEEE Std 802.15.4g-2012, and IEEE Std 802.15.4j-2013)}, 
title={{IEEE} Standard for Local and metropolitan area networks-- Part 15.4: Low-Rate Wireless Personal Area Networks (LR-WPANs)--Amendment 5: Physical Layer Specifications for Low Energy, Critical Infrastructure Monitoring Networks.}, 
year={2013}, 
volume={}, 
number={}, 
pages={1-149}, 
keywords={access protocols;IEEE standards;metropolitan area networks;personal area networks;wireless LAN;IEEE standard;local area networks;metropolitan area networks;low rate wireless personal area networks;LR WPAN;physical layer specifications;critical infrastructure monitoring networks;critical infrastructure monitoring applications;MAC modifications;IEEE standards;Low power electronics;Voltage control;Radio frequency;Wireless LAN;Personal area networks;Local area networks;Metropolitan area networks;Energy efficiency;IEEE 802.15.4;IEEE 802.15.4k;low data rate;low power;LR-WPAN;PAN;personal area network;radio frequency;RF;wireless personal area network;WPAN}, 
doi={10.1109/IEEESTD.2013.6581828}, 
ISSN={}, 
month={Aug},}


@INPROCEEDINGS{experimentK, 
author={B. G. Gebremedhin and J. Haapola and J. Iinatti}, 
booktitle={Proceedings of European Wireless 2015; 21th European Wireless Conference}, 
title={Performance Evaluation of IEEE 802.15.4k Priority Channel Access with DSSS PHY}, 
year={2015}, 
volume={}, 
number={}, 
pages={1-6}, 
keywords={}, 
doi={}, 
ISSN={}, 
month={May},}


@INPROCEEDINGS{coexistance, 
author={C. Sum and M. Zhou and L. Lu and F. Kojima and H. Harada}, 
booktitle={2014 IEEE International Symposium on Dynamic Spectrum Access Networks (DYSPAN)}, 
title={Performance and coexistence analysis of multiple IEEE 802 WPAN/WLAN/WRAN systems operating in TV White Space}, 
year={2014}, 
volume={}, 
number={}, 
pages={145-148}, 
keywords={personal area networks;radiofrequency interference;television;wireless LAN;multiple IEEE 802 WPAN/WLAN/WRAN systems;TV white space;multiple IEEE 802 wireless communication systems;TVWS;IEEE 802 groups;IEEE 802.15.4m;low-rate wireless personal area network;LR-WPAN;IEEE 802.11af wireless local area network;IEEE 802.22 wireless regional area network;interference;interferer-to-victim separation;interferer transmit power;error rate performance;IEEE 802.15 Standards;Interference;Wireless LAN;Wireless communication;Receivers;Signal to noise ratio;Coexistence;TVWS;IEEE 802.15.4m WPAN;IEEE 802.11af WLAN;IEEE 802.22 WRAN}, 
doi={10.1109/DySPAN.2014.6817791}, 
ISSN={}, 
month={April},}


@ARTICLE{std2014p, 
author={}, 
journal={{IEEE} Std 802.15.4p-2014 (Amendment to IEEE Std 802.15.4-2011 as amended by IEEE Std 802.15.4e-2012, IEEE Std 802.15.4f-2012, IEEE Std 802.15.4g-2012, IEEE Std 802.15.4j-2013, IEEE Std 802.15.4k-2013, and IEEE Std 802.15.4m-2014)}, 
title={IEEE Standard for local and metropolitan area networks - Part 15.4: Low-Rate Wireless Personal Area Networks (LR-WPANs) - Amendment 7: Physical Layer for Rail Communications and Control (RCC)}, 
year={2014}, 
volume={}, 
number={}, 
pages={1-45}, 
keywords={access protocols;railway communication;Zigbee;low-rate wireless personal area networks;LR-WPAN;physical layer;rail communications and control;RCC;IEEE Standard 802.15.4p-2014;IEEE Std 802.15.4-2011;IEEE Std 802.15.4e-2012;IEEE Std 802.15.4f-2012;IEEE Std 802.15.4g-2012;IEEE Std 802.15.4j-2013;IEEE Std 802.14.3k-2013;IEEE Std 802.15.4m-2014;PHY;rail transportation industry;US positive train control;PTC;MAC;IEEE standards;Local area networks;Metropolitan area networks;Railway communications;Wireless communication;Personal area networks;Control systems;Low power electronics;CBTC;communications-based train control;IEEE 802.15.4p(TM);low data rate;low power;LR-WPAN;PAN;personal area network;positive train control;PTC;radio frequency;rail communications and control;RCC;RF;wireless personal area network;WPAN}, 
doi={10.1109/IEEESTD.2014.6809836}, 
ISSN={}, 
month={May},}


@ARTICLE{std2015, 
author={}, 
journal={IEEE Std 802.15.4-2015 (Revision of IEEE Std 802.15.4-2011)}, 
title={{IEEE} Standard for Low-Rate Wireless Networks}, 
year={2016}, 
volume={}, 
number={}, 
pages={1-709}, 
keywords={data communication;IEEE standards;personal area networks;protocols;IEEE standard;low-rate wireless personal area networks;WPAN;protocol;compatible interconnection;data communication devices;short-range radio frequency transmissions;physical layers;IEEE 802.15.4-2015;IEEE 802.15.4-2011 Revision;IEEE Standards;Wireless personal area networks;Personal area networks;Data transmission;Mobile communication;Low power electronics;Short range communications;ad hoc network;IEEE 802.15.4(TM);low data rate;low power;LR-WPAN;mobility;PAN;personal area network;radio frequency;RF;short range;wireless;wireless personal area network;WPAN}, 
doi={10.1109/IEEESTD.2016.7460875}, 
ISSN={}, 
month={April},}



@ARTICLE{std2016n, 
author={}, 
journal={IEEE Std 802.15.4n-2016 (Amendment to IEEE Std 802.15.4-2015)}, 
title={{IEEE} Standard for Low-Rate Wireless Networks -- Amendment 1: Physical Layer Utilizing China Medical Bands}, 
year={2016}, 
volume={}, 
number={}, 
pages={1-27}, 
keywords={biomedical communication;IEEE standards;personal area networks;IEEE standard;low-rate wireless personal area networks;low-rate WPAN;physical layer;China medical bands;IEEE Std 802.15.4n-2016;IEEE Std 802.15.4-2015;Ministry of Industry and Information Technology;Peoples Republic of China;medical information transmission;CMB devices;MIIT Doc 423-2005;healthcare practitioner;PHY;frequency 174 MHz to 216 MHz;frequency 407 MHz to 425 MHz;frequency 608 MHz to 630 MHz;IEEE standards;IEEE 802.15 Standard;Physical layer;Metropolitan area networks;Local area networks;Wireless personal area networks;China;Personal area networks;amendment;China;IEEE 802.15.4(TM);IEEE 802.15.4n(TM);LAN;local area network;MAN;medical services;metropolitan area network;PAN;personal area network;PHY;physical layer;wireless personal area network;WPAN}, 
doi={10.1109/IEEESTD.2016.7466445}, 
ISSN={}, 
month={April},}




@ARTICLE{std2016q, 
author={}, 
journal={IEEE Std 802.15.4q-2016 (Amendment to IEEE Std 802.15.4-2015 as amended by IEEE Std 802.15.4n-2016)}, 
title={{IEEE} Standard for Low-Rate Wireless Networks --Amendment 2: Ultra-Low Power Physical Layer}, 
year={2016}, 
volume={}, 
number={}, 
pages={1-52}, 
keywords={access protocols;IEEE standards;personal area networks;power consumption;IEEE standard;low-rate wireless personal area networks;low-rate WPAN;ultralow-power physical layer;TASK PHY;RS-GFSK PHY;IEEE Std 802.15.4-2015;medium access control modification;MAC modification;ultralow-power consumption;extended battery life;IEEE Std 802.15.4q-2016;IEEE Std 802.15.4n-2016;IEEE Standards;Wireless personal area networks;Low-power electronics;Physical layer;Power system economics;IEEE 802.15 Standard;Wireless communication;amendment;IEEE 802.15.4(TM);IEEE 802.15.4q(TM);low data rate;LR-WPAN;PAN;personal area network;PHY;physical layer;radio frequency;RF;ultra-low power;wireless personal area network;WPAN}, 
doi={10.1109/IEEESTD.2016.7466448}, 
ISSN={}, 
month={April},}






@ARTICLE{std2016u, 
author={}, 
journal={IEEE Std 802.15.4u-2016 (Amendment to IEEE Std 802.15.4-2015 as amended by IEEE Std 802.15.4n-2016 and IEEE Std 802.15.4q-2016)}, 
title={{IEEE} Standard for Low-Rate Wireless Networks--Amendment 3: Use of the 865 MHz to 867 MHz Band in India}, 
year={2017}, 
volume={}, 
number={}, 
pages={1-18}, 
keywords={IEEE standards;omnidirectional antennas;Zigbee;IEEE standard;low-rate wireless network;PHY layer;physical layer;line-of-sight range;omnidirectional antenna;channel access;medium access control;IEEE Std 802.15.4u-2016;IEEE Std 802.15.4n-2016;IEEE Std 802.15.4q-2016;IEEE Std 802.15.4-2015;frequency 865 MHz to 867 MHz;distance 5 km;IEEE Standards;Low power electronics;Personal area networks;Wireless communication;India;Frequency bands;865 MHz to 867 MHz band;amendment;IEEE 802.15.4(TM);IEEE 802.15.4u(TM);low data rate;low power;wireless personal area network;WPAN}, 
doi={10.1109/IEEESTD.2017.7852415}, 
ISSN={}, 
month={Feb},}

@ARTICLE{std2017t, 
author={}, 
journal={IEEE Std 802.15.4t-2017 (Amendment to IEEE Std 802.15.4-2015 as amended by IEEE Std 802.15.4n-2016, IEEE Std 802.15.4q-2016, and IEEE Std 802.15.4u-2016}, 
title={{IEEE} Standard for Low-Rate Wireless Networks--Amendment 4: Higher Rate (2 Mb/s) Physical (PHY) Layer}, 
year={2017}, 
volume={}, 
number={}, 
pages={1-25}, 
keywords={access protocols;IEEE standards;quadrature phase shift keying;Zigbee;MAC sublayer;medium access control;PHY layer;O-QPSK physical layer;offset quadrature phase-shift keying;IEEE Std 802.15.4-2015;low-rate wireless networks;IEEE Standards;Ad hoc networks;Low power electronics;Wireless LAN;Mobile communication;Radio frequency;Personal area networks;Data rates;ad hoc network;IEEE 802.15.4(TM);low data rate;low power;LR-WPAN;mobility;PAN;personal area network;radio frequency;RF;short range;wireless;wireless personal area network;WPAN}, 
doi={10.1109/IEEESTD.2017.7900315}, 
ISSN={}, 
month={April},}

@ARTICLE{std2017v, 
author={}, 
journal={IEEE Std 802.15.4v-2017 (Amendment to IEEE Std 802.15.4-2015, as amended by IEEE Std 802.15.4n-2016, IEEE Std 802.15.4q-2016, IEEE Std 802.15.4u-2016, and IEEE Std 802.15.4t-2017)}, 
title={{IEEE} Standard for Low-Rate Wireless Networks - Amendment 5: Enabling/Updating the Use of Regional Sub-GHz Bands}, 
year={2017}, 
volume={}, 
number={}, 
pages={1-35}, 
keywords={IEEE standards;radio spectrum management;Zigbee;IEEE Std 802.15.4t-2017;IEEE Std 802.15.4u-2016;IEEE Std 802.15.4q-2016;IEEE Std 802.15.4n-2016;IEEE Std 802.15.4v-2017;MAC;medium access control;China;TVWS;television white space;LECIM;low energy critical infrastructure monitoring;Asian regional frequency bands;New Zealand;Australia;Brazil;Mexico;Europe;IEEE Std 802.15.4-2015;physical layers;smart utility network;regional sub-GHz bands;IEEE standard;low-rate wireless networks;frequency 863 MHz to 876 MHz;frequency 902 MHz to 928 MHz;IEEE Standards;Wireless networks;Wireless personal area networks;Personal area networks;Low power electronics;470-510 MHz band;863-870 MHz band;870-876 MHz band;902-927.5 MHz band;902-928 MHz band;915-921 MHz band;915-928 MHz band;IEEE 802.15.4(TM);low data rate;low power;wireless personal area network;WPAN}, 
doi={10.1109/IEEESTD.2017.7964803}, 
ISSN={}, 
month={June},}

@ARTICLE{std2018s, 
author={}, 
journal={IEEE Std 802.15.4s-2018 (Amendment to IEEE Std 802.15.4-2015 as amended by IEEE Std 802.15.4n-2016, IEEE Std 802.15.4q-2016, IEEE Std 802.15.4u-2016, IEEE Std 802.15.4t-2017, IEEE Std 802.15.4v-2017, and IEEE Std 802.15.4-2015/Cor 1-2018)}, 
title={IEEE Standard for Low-Rate Wireless Networks Amendment 6: Enabling Spectrum Resource Measurement Capability}, 
year={2018}, 
volume={}, 
number={}, 
pages={1-51}, 
keywords={IEEE Standards;Wireless networks;Spread spectrum management;Resource management;Power transmission;Power control;IEEE 802.15.4(TM);spectrum resource measurement;transmit power control}, 
doi={10.1109/IEEESTD.2018.8398601}, 
ISSN={}, 
month={June},}


@ARTICLE{nutshell, 
author={H. Kurunathan and R. Severino and A. Koubaa and E. Tovar}, 
journal={IEEE Communications Surveys Tutorials}, 
title={{IEEE} 802.15.4e in a Nutshell: Survey and Performance Evaluation}, 
year={2018}, 
volume={20}, 
number={3}, 
pages={1989-2010}, 
keywords={IEEE 802.15 Standard;Protocols;Wireless sensor networks;Performance evaluation;Wireless communication;Quality of service;IEEE 802.15.4e;wireless sensor networks;survey}, 
doi={10.1109/COMST.2018.2800898}, 
ISSN={1553-877X}, 
month={thirdquarter},}

@manual{nxpManual,
ALTauthor = {},
title = {NXP ZigBee 3.0 Stack User Guide},
date = {May 25, 2018},
OPTlanguage = {English},
OPTversion = {Version 1.4},
OPTorganization = {NXP},
OPTpagetotal = {508},
OPTpubstate = {May 25, 2018},
}

@STANDARD{isostd,
  author = {},
  title = {Identification cards - Contactless integrated circuit cards - Proximity cards},
  type = {ISO},
  number = {14443-1},
  year = {2008}
}





@article{castalia,
  title={Castalia User\'s Manual V3.2},
  author={Athanassios Boulis},
  journal={NICTA},
  year={2011}
}



@article{ns2implementation,
  title={A comprehensive performance study of IEEE 802.15. 4},
  author={Zheng, Jianliang and Lee, Myung J},
  journal={Sensor network operations},
  volume={4},
  pages={218-237},
  year={2006}
}

@misc{ns3,
  author = "{Nsam}",
  title = {{Ns-3 discrete event simulator}},
  howpublished = {\url{http://www.nsnam.org}},
  year = {accessed Jan. 07. 2017.}
}

@article{opnet,
  title={The IEEE 802.15.4 OPNET simulation model:reference guide v2.0},
  author={Jur{\v{c}}{\'\i}k, Petr and Koub{\^a}a, Anis},
  journal={IPP-HURRAY Technical Report, HURRAY-TR-070509},
  year={2007}
}


@INPROCEEDINGS{openzb, 
author={A. Cunha and A. Koubaa and R. Severino and M. Alves}, 
booktitle={2007 IEEE International Conference on Mobile Adhoc and Sensor Systems}, 
title={Open-ZB: an open-source implementation of the IEEE 802.15.4/ZigBee protocol stack on TinyOS}, 
year={2007}, 
pages={1-12}, 
doi={10.1109/MOBHOC.2007.4428602}, 
ISSN={2155-6806}, 
month={Oct},}