@string{IEICE_EB = {IEICE Trans. on Commun.}}
@string{IEICE_ComEX = {IEICE Commun. Express}}

% 自分の文献を追加
@Article{LSGO,
title = "LSGO: link state aware geographic opportunistic routing protocol for VANETs",
author = "Cai, Xuelian and He, Ying and Zhao, Chunchun and Zhu, Lina and Li, Changle",
journal = "EURASIP Journal on wireless communications and networking",
volume="2014",
number="1",
pages="1--10",
year="2014",
}

@Article{Opportunistic,
title = "A survey on opportunistic routing protocols for wireless sensor networks",
author = "Jadhav, Payal and Satao, Rachna",
journal = "Elsevier",
volume="79",
pages="603--609",
year="2016",
}

@Article{JBR,
title = "Junction-based geographic routing algorithm for vehicular ad hoc networks",
author = "Tsiachris, Sotirios and Koltsidas, Georgios and Pavlidou, Fotini-Niovi",
journal = "Wireless personal communications",
volume="71",
number="2",
pages="955--973",
year="2013",
}

@Article{Geographic,
title = "Geographic routing protocols for Vehicular Ad hoc NETworks (VANETs): A survey",
author = "Boussoufa-Lahlah, Souaad and Semchedine, Fouzi and Bouallouche-Medjkoune, Louiza",
journal = "Vehicular Communications",
volume="11",
pages="20--31",
year="2018",
}

@Article{obstacle,
title = "An obstacle model implementation for evaluating radio shadowing with ns-3",
author = "Carpenter, Scott E and Sichitiu, Mihail L",
journal = "Proceedings of the 2015 Workshop on Ns-3",
pages = "17--24",
year = 2015,
}



@article{journal_paper,
author="Author1, A.~B and Author2, C.~.D and Author3, E.~F.",
title="Title of journal paper with a comma inside the quotation marks like this",
journal="Journal Title in Italic",
volume="12",
number="3",
pages="456-789",
month="month",
year="year",
doi="XX.XXXX/XXXXX",
language="English"
}


@incollection{chapter,
author="Chapter-Writer, A.~B",
title="Title of quoted chapter",
booktitle="Book Title in Italic without Quotation Marks",
editor="Editor, C.~D.",
pages="123-456",
publisher="Publisher Name",
address="City",
year="year",
doi="XX.XXXX/XXXXX",
language="English"
}

@book{book,
author={Book-Author, A.~B.},
title={Book Title in Italic without Quotation Marks},
publisher={Publisher Name},
address={City},
year={year},
doi={XX.XXXX/XXXXX},
language={English}
}

@inproceedings{proceeding_paper,
author="Author1, A.~B and Author2, C.~.D and Author3, E.~F.",
title="Title of paper in proceeding",
booktitle="Proc. 12$^{\mathrm{th}}$ Conf. Name",
address="City, Country",
pages="123-345",
paperid="PAPER-ID",
month="month",
year="year",
doi="XX.XXXX/XXXXX",
language="English"
}

@webpage{web_link,
author="{Editorial Committee of ComEX}",
title={Information for the {IEICE} Communications Express (ComEX) authors, preparing manuscript},
note="Institute of Electronics, Information and Communication Engineers",
url="http://www.comex.ieice.org/data/for_authors.html#preparing",
lastchecked="Sep. 23, 2014",
}
